<record><leader>00000cas a2200000 a 4500</leader><controlfield tag="001">2264405</controlfield><controlfield tag="008">760620d18101813nyucr ne      0    0eng c</controlfield><datafield ind1=" " ind2=" " tag="010"><subfield code="a">sn 83032066 </subfield></datafield><datafield ind1=" " ind2=" " tag="040"><subfield code="a">PIT</subfield><subfield code="b">eng</subfield><subfield code="c">PIT</subfield><subfield code="d">NPU</subfield><subfield code="d">NPX</subfield><subfield code="d">DLC</subfield><subfield code="d">NPH</subfield><subfield code="d">MGN</subfield><subfield code="d">NYS</subfield><subfield code="d">OCL</subfield><subfield code="d">DLC</subfield><subfield code="d">OCLCG</subfield><subfield code="d">KRTAS</subfield><subfield code="d">OCLCQ</subfield><subfield code="d">OCLCF</subfield><subfield code="d">OCLCO</subfield></datafield><datafield ind1="1" ind2=" " tag="029"><subfield code="a">AU@</subfield><subfield code="b">000020128021</subfield></datafield><datafield ind1=" " ind2=" " tag="042"><subfield code="a">pcc</subfield></datafield><datafield ind1=" " ind2=" " tag="043"><subfield code="a">n-us-ny</subfield></datafield><datafield ind1="0" ind2="0" tag="050"><subfield code="a">Newspaper 8829-X</subfield></datafield><datafield ind1="0" ind2=" " tag="130"><subfield code="a">Morning star (New York, N.Y. : 1810)</subfield></datafield><datafield ind1="1" ind2="0" tag="245"><subfield code="a">Morning star.</subfield></datafield><datafield ind1=" " ind2=" " tag="260"><subfield code="a">New York [N.Y.] :</subfield><subfield code="b">G.C. Tunison</subfield></datafield><datafield ind1=" " ind2=" " tag="300"><subfield code="a">v. ;</subfield><subfield code="c">52 cm.</subfield></datafield><datafield ind1=" " ind2=" " tag="310"><subfield code="a">Semiweekly</subfield></datafield><datafield ind1="1" ind2=" " tag="362"><subfield code="a">Began Nov. 27, 1810; ceased Feb. 23, 1813.</subfield><subfield code="z">Cf. Brigham, C.S. Amer. newspapers.</subfield></datafield><datafield ind1=" " ind2=" " tag="500"><subfield code="a">Imprint varies: Printed and published by G.C. Tunison, for the proprietor, 1810-1812; Printed and published by G.C. Tunison, for Wm. L. Rose, 1812; Printed and published by G.C. Tunison, for the proprietor, &lt;1812&gt;.</subfield></datafield><datafield ind1=" " ind2=" " tag="500"><subfield code="a">Proprietor: Joel Hart, &lt;1812&gt;.</subfield></datafield><datafield ind1=" " ind2=" " tag="500"><subfield code="a">References: Shaw &amp; Shoemaker 20784; Brigham, C.S. Amer. newspapers, p. 671.</subfield></datafield><datafield ind1=" " ind2=" " tag="515"><subfield code="a">New volume numbering adopted with Aug. 20, 1812 issue. Cf. Brigham, C.S. Amer. newspapers.</subfield></datafield><datafield ind1=" " ind2=" " tag="580"><subfield code="a">Daily eds.: New-York morning post (New York, N.Y. : 1810), 1810-1812, and: Statesman (New York, N.Y. : 1812), 1812-1813.</subfield></datafield><datafield ind1=" " ind2=" " tag="588"><subfield code="a">Description based on: Dec. 4, 1810.</subfield></datafield><datafield ind1=" " ind2="0" tag="651"><subfield code="a">New York (N.Y.)</subfield><subfield code="v">Newspapers.</subfield></datafield><datafield ind1=" " ind2="7" tag="655"><subfield code="a">Newspapers.</subfield><subfield code="2">fast</subfield><subfield code="0">(OCoLC)fst01423814</subfield></datafield><datafield ind1=" " ind2="7" tag="651"><subfield code="a">New York (State)</subfield><subfield code="z">New York.</subfield><subfield code="2">fast</subfield><subfield code="0">(OCoLC)fst01204333</subfield></datafield><datafield ind1="1" ind2=" " tag="700"><subfield code="a">Tunison, Garret C.,</subfield><subfield code="d">1782-1828.</subfield></datafield><datafield ind1="1" ind2=" " tag="700"><subfield code="a">Rose, William L.</subfield></datafield><datafield ind1="1" ind2=" " tag="700"><subfield code="a">Hart, Joel.</subfield></datafield><datafield ind1=" " ind2=" " tag="752"><subfield code="a">United States</subfield><subfield code="b">New York</subfield><subfield code="c">New York</subfield><subfield code="d">New York.</subfield></datafield><datafield ind1="1" ind2=" " tag="775"><subfield code="t">New-York morning post (New York, N.Y. : 1810)</subfield><subfield code="w">(DLC)sn 83032064</subfield></datafield><datafield ind1="1" ind2=" " tag="775"><subfield code="t">Statesman (New York, N.Y. : 1812)</subfield><subfield code="w">(DLC)sn 83032063</subfield></datafield><datafield ind1="0" ind2="0" tag="780"><subfield code="t">Republican watch-tower</subfield><subfield code="w">(DLC)sn 83032067</subfield></datafield><datafield ind1="0" ind2="0" tag="785"><subfield code="t">Statesman, for the country</subfield><subfield code="w">(DLC)sn 85025702</subfield></datafield><datafield ind1=" " ind2=" " tag="938"><subfield code="a">Kirtas Technologies, Inc.</subfield><subfield code="b">KRTS</subfield><subfield code="n">735644</subfield></datafield></record>